
@InProceedings{	  2003:bittorrent:cohen,
  title		= {Incentives build robustness in BitTorrent},
  author	= {Cohen, Bram},
  booktitle	= {Workshop on Economics of Peer-to-Peer systems},
  volume	= {6},
  pages		= {68--72},
  year		= {2003}
}

@Article{	  2008:dht:loewenstern,
  title		= {DHT protocol},
  author	= {Loewenstern, Andrew and Norberg, Arvid},
  journal	= {BitTorrent.org. http://www.bittorrent.org/beps/bep\_0005.html. Accessed: 22 August 2016},
  year		= {2008}
}

@Article{	  2008:tribler:pouwelse,
  archiveprefix	= {arXiv},
  arxivid	= {arXiv:1302.5679v1},
  author	= {Pouwelse, J. A. and Garbacki, P. and Wang, J. and Bakker,
		  A. and Yang, J. and Iosup, A. and Epema, D. H J and
		  Reinders, M. and {Van Steen}, M. R. and Sips, H. J.},
  doi		= {10.1002/cpe.1189},
  eprint	= {arXiv:1302.5679v1},
  isbn		= {2007015102},
  issn		= {15320626},
  journal	= {Concurrency Computation Practice and Experience},
  keywords	= {Peer-to-peer,Social-based,Taste buddies},
  mendeley-groups={Uncategorized,Thesis},
  number	= {2},
  pages		= {127--138},
  pmid		= {23335858},
  title		= {{TRIBLER: A social-based peer-to-peer system}},
  volume	= {20},
  year		= {2008}
}

@Article{	  2009:demandsupplyres:andrade,
  author	= {Andrade, Nazareno and Santos-Neto, Elizeu and Brasileiro,
		  Francisco and Ripeanu, Matei},
  doi		= {10.1016/j.comnet.2008.09.029},
  issn		= {13891286},
  journal	= {Computer Networks},
  month		= {mar},
  number	= {4},
  pages		= {515--527},
  title		= {{Resource demand and supply in BitTorrent content-sharing
		  communities}},
  url		= {http://linkinghub.elsevier.com/retrieve/pii/S1389128608003800},
  volume	= {53},
  year		= {2009}
}

@Article{	  2010:pubpriv:meulpolder,
  author	= {Meulpolder, M. and D'Acunto, L and Capotă, Mihai},
  journal	= {Iptps},
  mendeley-groups={Uncategorized},
  pages		= {10},
  title		= {{Public and private BitTorrent communities: a measurement
		  study.}},
  year		= {2010}
}

@InProceedings{	  2013:investmentcm:capota,
  author	= {Capotă, Mihai and Andrade, Nazareno and Pouwelse, J. A.
		  and Epema, D. H J},
  booktitle	= {2013 21st Euromicro International Conference on Parallel,
		  Distributed, and Network-Based Processing},
  doi		= {10.1109/PDP.2013.70},
  isbn		= {978-1-4673-5321-2},
  month		= {feb},
  pages		= {437--443},
  publisher	= {IEEE},
  title		= {{Investment Strategies for Credit-Based P2P Communities}},
  url		= {http://ieeexplore.ieee.org/lpdocs/epic03/wrapper.htm?arnumber=6498587},
  year		= {2013}
}

@Article{	  2013:swarmevolution:su,
  author	= {Su, Majing and Zhang, Hongli and Fang, Binxing and Ye,
		  Lin},
  doi		= {10.4236/ijcns.2013.66032},
  isbn		= {9780769548104},
  issn		= {1913-3715},
  journal	= {International Journal of Communications, Network and
		  System Sciences},
  keywords	= {BitTorrent,P2P,measurement,modeling,swarm evolution},
  number	= {06},
  pages		= {300--308},
  title		= {{A Measurement Study on Resource Popularity and Swarm
		  Evolution of BitTorrent System}},
  url		= {http://www.scirp.org/journal/PaperDownload.aspx?DOI=10.4236/ijcns.2013.66032},
  volume	= {06},
  year		= {2013}
}

@Article{	  2014:bwmarket:capota,
  author	= {Capotă, Mihai and Pouwelse, J. A. and Epema, D. H J},
  doi		= {10.1007/978-3-642-45249-9_20},
  file		= {:mnt/DATA/Dropbox/Master Coursework/Thesis/papers/Capotă,
		  Pouwelse, Epema - 2014 - Towards a peer-to-peer bandwidth
		  marketplace.pdf:pdf},
  isbn		= {9783642452482},
  issn		= {03029743},
  journal	= {Lecture Notes in Computer Science (including subseries
		  Lecture Notes in Artificial Intelligence and Lecture Notes
		  in Bioinformatics)},
  pages		= {302--316},
  title		= {{Towards a peer-to-peer bandwidth marketplace}},
  volume	= {8314 LNCS},
  year		= {2014}
}

@Article{	  2015:creditmining:capota,
  author	= {Capotă, Mihai and Pouwelse, J. A. and Epema, D. H J},
  doi		= {10.1109/IFIPNetworking.2015.7145334},
  file		= {:mnt/DATA/Dropbox/Master Coursework/Thesis/papers/Capotă,
		  Pouwelse, Epema - 2015 - Decentralized credit mining in P2P
		  systems.pdf:pdf},
  isbn		= {9783901882685},
  journal	= {Proceedings of 2015 14th IFIP Networking Conference, IFIP
		  Networking 2015},
  title		= {{Decentralized credit mining in P2P systems}},
  year		= {2015}
}

@PhDThesis{	  2015:multichain:norberhuis,
  author	= {Norberhuis, Steffan D},
  doi		= {:59723e98-ae48-4fac-b258-2df99d11012c},
  school	= {Delft University of Technology},
  type		= {Master Thesis},
  title		= {{MultiChain: A cybercurrency for cooperation}},
  url		= {http://repository.tudelft.nl/view/ir/uuid{\%}253A59723e98-ae48-4fac-b258-2df99d11012c/},
  year		= {2015}
}

@Article{	  2015:onionroutetribler:stokkink,
  archiveprefix	= {arXiv},
  arxivid	= {1507.00245},
  author	= {Stokkink, Quinten and Treep, Harmjan and Pouwelse, Johan},
  eprint	= {1507.00245},
  month		= {jul},
  title		= {{Performance analysis of a Tor-like onion routing
		  implementation}},
  url		= {http://arxiv.org/abs/1507.00245},
  year		= {2015}
}

@Article{	  2015:pex:the8472,
  title		= {Peer Exchange (PEX)},
  author	= {The 8472},
  journal	= {BitTorrent.org
		  http://www.bittorrent.org/beps/bep\_0011.html. Accessed: 22
		  August 2016},
  year		= {2015}
}

@PhDThesis{	  2016:tribler-techdebt:vos,
  author	= {de Vos, M.A},
  school	= {Delft University of Technology},
  title		= {{Identifying and Managing Technical Debt in Complex
		  Distributed Systems}},
  type		= {Master Thesis},
  url		= {http://resolver.tudelft.nl/uuid:e5a817a4-ce0a-4dd3-afd4-d70660b63d16},
  volume	= {1},
  year		= {2016}
}

@misc{2012:milliontorrent:arvid,
	author={Norberg, Arvid},
	title={Seeding a million torrents},
	url={http://blog.libtorrent.org/2012/01/seeding-a-million-torrents/},
	urldate={2012-1-9},
	journal={Blog.libtorrent.org},
	year={2012}
}

@inproceedings{2011:interswarm:mihai,	
	author = {Capotă, Mihai and Andrade, Nazareno and Vink{\'{o}}, Tam{\'{a}}s and Santos, Fl{\'{a}}vio and Pouwelse, J. A. and Epema, D. H J},
	booktitle = {2011 IEEE International Conference on Peer-to-Peer Computing},
	doi = {10.1109/P2P.2011.6038748},
	isbn = {978-1-4577-0150-4},
	month = {aug},
	pages = {300--309},
	publisher = {IEEE},
	title = {{Inter-swarm resource allocation in BitTorrent communities}},
	url = {http://ieeexplore.ieee.org/lpdocs/epic03/wrapper.htm?arnumber=6038748},
	year = {2011}
}
